@unpublished{Labor_Skript,
author={Looser, Herbert},
title={R\"ontgenstrahlung},
school={Fachhochschule Nordwestschweiz},
year={unknown},
note={unpublished thesis}
}

@MISC{Uni_De,
  AUTHOR       = "{Universit{\"a}t {G{\"o}ttingen}}",
  TITLE        = "{R1:R{\"o}ntgenstrahlung}",
  YEAR         = "2006-2014",
  HOWPUBLISHED = "Website",
  NOTE         = "Online erh{\"a}ltlich unter
                  \url{https://lp.uni-goettingen.de/get/text/5351};
                  abgerufen am 10. M{\"a}rz 2017."
}


@MISC{Brems_Strahlung,
  AUTHOR       = "{Ruprecht-Karls-Universit{\"a}t
Heidelberg}",
  TITLE        = "{Aufbau eines Kristallspektrometers
zur Spektroskopie der
Kalpha Strahlung von
hochionisiertem Argon}",
  YEAR         = "2011",
  HOWPUBLISHED = "Website",
  NOTE         = "Online erh{\"a}ltlich unter
                  \url{https://www.researchgate.net/publication/317238839_Aufbau_eines_Kristallspektrometers_zur_Spektroskopie_der_Kalpha-Strahlung_von_hochionisiertem_Argon};
                  abgerufen am 10. M{\"a}rz 2017."
}

@MISC{Charak_Strahlung,
  AUTHOR       = "{Wikipedia}",
  TITLE        = "{Augereffekt}",
  YEAR         = "2016",
  HOWPUBLISHED = "Website",
  NOTE         = "Online erh{\"a}ltlich unter
                  \url{https://de.wikipedia.org/wiki/Auger-Effekt#/media/File:Atom_model_for_Auger_process_DE.svg};
                  abgerufen am 10. M{\"a}rz 2017."
}

@MISC{Drehkristallmethode,
	AUTHOR       = "{Physikunterricht-Online}",
	TITLE        = "{Bragg-Reflexion}",
	YEAR         = "2012",
	HOWPUBLISHED = "Website",
	NOTE         = "Online erh{\"a}ltlich unter
	\url{http://physikunterricht-online.de/wp-content/uploads/2016/04/Drehkristallmethode.jpg};
	abgerufen am 10. M{\"a}rz 2017."
}

@MISC{Elementarladung,
	AUTHOR       = "{Wikipedia}",
	TITLE        = "{Elementarladung}",
	YEAR         = "2017",
	HOWPUBLISHED = "Website",
	NOTE         = "Online erh{\"a}ltlich unter
	\url{https://de.wikipedia.org/wiki/Elementarladung};
	abgerufen am 10. M{\"a}rz 2017."
}

@MISC{Plank,
	AUTHOR       = "{irgendeine}",
	TITLE        = "{Planksches Wirkungsquantum}",
	YEAR         = "2017",
	HOWPUBLISHED = "Website",
	NOTE         = "Online erh{\"a}ltlich unter
	\url{https://de.wikipedia.org/wiki/Plancksches_Wirkungsquantum};
	abgerufen am 10. M{\"a}rz 2017."
}

@MISC{Knochenschall,
	AUTHOR       = "{Wikipedia}",
	TITLE        = "{Knochenleitung}",
	YEAR         = "2018",
	HOWPUBLISHED = "Website",
	NOTE         = "Online erh{\"a}ltlich unter
	\url{https://de.wikipedia.org/wiki/Knochenleitung};
	abgerufen am 26. April 2018."
}

@MISC{BoneConductorAdafruit,
	AUTHOR       = "{Adafruit}",
	TITLE        = "{Bone Conductor Transducer With Wires - 8 Ohm 1 Watt}",
	YEAR         = "unknown",
	HOWPUBLISHED = "Website",
	NOTE         = "Online erh{\"a}ltlich unter
	\url{https://www.adafruit.com/product/1674};
	abgerufen am 26. April 2018."
}

@MISC{ADP122LinearRegulator,
	AUTHOR       = "{ANALOG DEVICES}",
	TITLE        = "{Data Sheet ADP122 Linear Regulator}",
	YEAR         = "unknown",
	HOWPUBLISHED = "Website",
	NOTE         = "Online erh{\"a}ltlich unter
	\url{http://www.analog.com/media/en/technical-documentation/data-sheets/ADP122_123.pdf};
	abgerufen am 26. April 2018."
}

@MISC{MCP1703LinearRegulator,
	AUTHOR       = "{Microchip}",
	TITLE        = "{Data Sheet MCP1703A Linear Regulator}",
	YEAR         = "unknown",
	HOWPUBLISHED = "Website",
	NOTE         = "Online erh{\"a}ltlich unter
	\url{http://ww1.microchip.com/downloads/en/DeviceDoc/20005122B.pdf};
	abgerufen am 26. April 2018."
}

@unpublished{Niklaus_Skript,
	author={Peter, Niklaus},
	title={Allgemeine {E}lektrotechnik},
	school={Fachhochschule Nordwestschweiz},
	year={2009},
	note={unpublished thesis}
}
